[1] Park, K., Wang, J., & Polikarpova, N. (2024). Grammar-Aligned Decoding. ArXiv. https://arxiv.org/abs/2405.21047
[2] Mahboubi, Assia, and Enrico Tassi. "Mathematical components." Online book (2021).
@misc{park2024grammaraligneddecoding,
      title={Grammar-Aligned Decoding}, 
      author={Kanghee Park and Jiayu Wang and Taylor Berg-Kirkpatrick and Nadia Polikarpova and Loris D'Antoni},
      year={2024},
      eprint={2405.21047},
      archivePrefix={arXiv},
      primaryClass={cs.AI},
      url={https://arxiv.org/abs/2405.21047}, 
}

@article{mahboubi2021mathematical,
  title={Mathematical components},
  author={Mahboubi, Assia and Tassi, Enrico},
  journal={Online book},
  year={2021}
}
